<?xml version="1.0" encoding="utf-8"?>
<record xmlns="http://www.loc.gov/MARC21/slim" xmlns:xsi="http://www.w3.org/2001/XMLSchema-instance" xsi:schemaLocation="http://www.loc.gov/MARC21/slim http://www.loc.gov/standards/marcxml/schema/MARC21slim.xsd">
	<leader>     nam a22     Mi 4500</leader>
	<controlfield tag="001">3264453</controlfield>
	<controlfield tag="003">NjP</controlfield>
	<controlfield tag="006">m        d        </controlfield>
	<controlfield tag="007">cr cn |||m|||a</controlfield>
	<controlfield tag="008">190820s1881    ua      o     000 0 ara d</controlfield>
	<datafield ind1=" " ind2=" " tag="040">
		<subfield code="a">ZYU</subfield>
		<subfield code="b">ara</subfield>
		<subfield code="e">rda</subfield>
		<subfield code="c">ZYU</subfield>
	</datafield>
	<datafield ind1="1" ind2=" " tag="100">
		<subfield code="6">880-01</subfield>
		<subfield code="a">Dimnātī, ʻAlī ibn Sulaymān,</subfield>
		<subfield code="d">1818 or 1819-1888 or 1889.</subfield>
	</datafield>
	<datafield ind1="1" ind2="0" tag="245">
		<subfield code="6">880-02</subfield>
		<subfield code="a">Ḥaly nuḥūr ḥūr al-jinān fī ḥaẓāʼir al-Raḥmān :</subfield>
		<subfield code="b">fī al-amdāḥ al-Nabawīyah /</subfield>
		<subfield code="c">taʼlīf ʻAlī ibn Sulaymān al-Dimnatī al-Bujumʻawī. Wa-bihāmishihi Lumaʻ min tafsīr gharīb al-lughah / lil-muʼallif.</subfield>
	</datafield>
	<datafield ind1=" " ind2=" " tag="260">
		<subfield code="6">880-03</subfield>
		<subfield code="a">[Cairo] :</subfield>
		<subfield code="b">[Al-Maṭbaʻah al-Wahabīyah],</subfield>
		<subfield code="c">[1298 [1881]</subfield>
	</datafield>
	<datafield ind1=" " ind2=" " tag="300">
		<subfield code="a">online resource (163, 3 pages)</subfield>
	</datafield>
	<datafield ind1=" " ind2=" " tag="336">
		<subfield code="a">text</subfield>
		<subfield code="2">rdacontent</subfield>
	</datafield>
	<datafield ind1=" " ind2=" " tag="337">
		<subfield code="a">computer</subfield>
		<subfield code="2">rdamedia</subfield>
	</datafield>
	<datafield ind1=" " ind2=" " tag="338">
		<subfield code="a">online resource</subfield>
		<subfield code="2">rdacarrier</subfield>
	</datafield>
	<datafield ind1=" " ind2=" " tag="500">
		<subfield code="a">Part of the Arabic Collections Online (ACO) project, contributed by Princeton University Libraries.</subfield>
	</datafield>
	<datafield ind1=" " ind2=" " tag="533">
		<subfield code="a">Electronic reproduction.</subfield>
		<subfield code="b">New York, N.Y. :</subfield>
		<subfield code="c">New York University,</subfield>
		<subfield code="d">2019.</subfield>
		<subfield code="5">NNU</subfield>
	</datafield>
	<datafield ind1="0" ind2="0" tag="600">
		<subfield code="a">Muḥammad,</subfield>
		<subfield code="c">Prophet,</subfield>
		<subfield code="d">-632.</subfield>
	</datafield>
	<datafield ind1="0" ind2="7" tag="600">
		<subfield code="a">Muḥammad,</subfield>
		<subfield code="c">Prophet,</subfield>
		<subfield code="d">-632.</subfield>
		<subfield code="2">fast</subfield>
		<subfield code="0">(OCoLC)fst01836298</subfield>
	</datafield>
	<datafield ind1="1" ind2="2" tag="700">
		<subfield code="6">880-04</subfield>
		<subfield code="a">Dimnātī, ʻAlī ibn Sulaymān,</subfield>
		<subfield code="d">1818 or 1819-1888 or 1889.</subfield>
		<subfield code="t">Lumaʻ min tafsīr gharīb al-lughah. </subfield>
	</datafield>
	<datafield ind1="2" ind2=" " tag="710">
		<subfield code="a">Princeton University.</subfield>
		<subfield code="b">Library.</subfield>
	</datafield>
	<datafield ind1="0" ind2=" " tag="730">
		<subfield code="a">Arabic Collections Online.</subfield>
	</datafield>
	<datafield ind1="0" ind2="8" tag="776">
		<subfield code="i">Online version:</subfield>
		<subfield code="a">Dimnātī, ʻAlī ibn Sulaymān, 1818 or 1819-1888 or 1889.</subfield>
		<subfield code="t">Ḥaly nuḥūr ḥūr al-jinān fī ḥaẓāʼir al-Raḥmān.</subfield>
		<subfield code="d">[Cairo] : [Al-Maṭbaʻah al-Wahabīyah], [1298 [1881]</subfield>
		<subfield code="w">(OCoLC)1103294206</subfield>
	</datafield>
	<datafield ind1="0" ind2="8" tag="776">
		<subfield code="i">Print version:</subfield>
		<subfield code="a">Dimnātī, ʻAlī ibn Sulaymān, 1818 or 1819-1888 or 1889.</subfield>
		<subfield code="t">Ḥaly nuḥūr ḥūr al-jinān fī ḥaẓāʼir al-Raḥmān</subfield>
		<subfield code="w">(NjP)3264453</subfield>
		<subfield code="w">(OCoLC)33996437</subfield>
	</datafield>
	<datafield ind1="4" ind2="0" tag="856">
		<subfield code="u">http://hdl.handle.net/2333.1/stqjqb1r</subfield>
	</datafield>
	<datafield ind1="1" ind2=" " tag="880">
		<subfield code="6">100-01</subfield>
		<subfield code="a">دمناتي، علي بن سليمان،</subfield>
		<subfield code="d">1818 or 1819-1888 or 1889</subfield>
	</datafield>
	<datafield ind1="1" ind2="0" tag="880">
		<subfield code="6">245-02</subfield>
		<subfield code="a">حلي نحور حور الجنان في حظائر الرحمن :</subfield>
		<subfield code="b">في الامداح النبوية /</subfield>
		<subfield code="c">تأليف علي بن سليمان الدمنتي البجمعوي. وبهامشه لمع من تفسير غريب اللغة / للمؤلف.</subfield>
	</datafield>
	<datafield ind1=" " ind2=" " tag="880">
		<subfield code="6">260-03</subfield>
		<subfield code="a">[Cairo] :</subfield>
		<subfield code="b">[المطبعة الوهبية]،</subfield>
		<subfield code="c">[1298 [1881]</subfield>
	</datafield>
	<datafield ind1="1" ind2="2" tag="880">
		<subfield code="6">700-04</subfield>
		<subfield code="a">دمناتي، علي بن سليمان،</subfield>
		<subfield code="d">1818 or 1819-1888 or 1889.</subfield>
		<subfield code="t">لمع من تفسير غريب اللغة. </subfield>
	</datafield>
	<datafield ind1=" " ind2=" " tag="959">
		<subfield code="a">NNU</subfield>
		<subfield code="b">WEB</subfield>
		<subfield code="c">GENI</subfield>
		<subfield code="t">0</subfield>
		<subfield code="m">Electronic access</subfield>
		<subfield code="s">01</subfield>
	</datafield>
	<datafield ind1=" " ind2=" " tag="999">
		<subfield code="i">NjP_3264453</subfield>
		<subfield code="o">(OCoLC)ocm33996437</subfield>
		<subfield code="s">princeton_aco002662</subfield>
		<subfield code="e">(ERROR-MISC)</subfield>
		<subfield code="s">princeton_aco002662</subfield>
	</datafield>
</record>
